%%%%%%%%%%%%%%%%%%
%% BIBLIOGRAFIA %%
%%%%%%%%%%%%%%%%%%

%%%%%%%%%%%%%%%%%%%%
%% sezione noCite %%
%%%%%%%%%%%%%%%%%%%%

@article{Shannon:introduzione,
	author =       "Shannon C.",
	title =        "Programming a Computer for Playing Chess",
	journal =      "Philosophical Magazine",
	volume =       "41",
	number =       "314",
	pages =        "2--3",
	year =         "1950",
}

%%%%%%%%%%%%%%%%
%% Capitolo 1 %%   titolo cap 1
%%%%%%%%%%%%%%%%

@book{pauli:ModelloLineare,
	author = "Grigoletto M. and Pauli F. and Ventura L.",
	title = "Modello lineare",
	subtitle =  "Teoria e applicazioni con R",
	date = "2017",
	editor = "G. Giappichelli Editore",
	isbn = "978-88-921-0765-6",
}
